<?xml version="1.0" encoding="UTF-8" ?><marc:collection xmlns:marc="http://www.loc.gov/MARC21/slim" xmlns:xsi="http://www.w3.org/2001/XMLSchema-instance" xsi:schemaLocation="http://www.loc.gov/MARC21/slim http://www.loc.gov/standards/marcxml/schema/MARC21slim.xsd">
<marc:record><marc:leader>04290cam a2200421Mi 4500</marc:leader>
<marc:controlfield tag="001">b11534266</marc:controlfield>
<marc:controlfield tag="003">UaCaAUL</marc:controlfield><marc:controlfield tag="005">20191013015029.0</marc:controlfield><marc:controlfield tag="008">010510s1920    ua            001 0 ara d</marc:controlfield><marc:datafield tag="035" ind1=" " ind2=" "><marc:subfield code="a">(OCoLC)60505818</marc:subfield></marc:datafield><marc:datafield tag="040" ind1=" " ind2=" "><marc:subfield code="a">MEAUC</marc:subfield><marc:subfield code="b">eng</marc:subfield><marc:subfield code="e">rda</marc:subfield><marc:subfield code="c">MEAUC</marc:subfield><marc:subfield code="d">OCLCG</marc:subfield><marc:subfield code="d">OCLCQ</marc:subfield><marc:subfield code="d">MEAUC</marc:subfield></marc:datafield><marc:datafield tag="049" ind1=" " ind2=" "><marc:subfield code="a">MAIN</marc:subfield></marc:datafield><marc:datafield tag="050" ind1=" " ind2="4"><marc:subfield code="a">PJ7755.H3</marc:subfield><marc:subfield code="b">M3x 1920</marc:subfield></marc:datafield><marc:datafield tag="066" ind1=" " ind2=" "><marc:subfield code="c">(3</marc:subfield></marc:datafield><marc:datafield tag="090" ind1=" " ind2=" "><marc:subfield code="a">PJ7755.H3</marc:subfield><marc:subfield code="b">M3x 1920</marc:subfield></marc:datafield><marc:datafield tag="100" ind1="0" ind2=" "><marc:subfield code="6">880-01</marc:subfield><marc:subfield code="a">Ḥarīrī,</marc:subfield><marc:subfield code="d">1054-1122.</marc:subfield></marc:datafield><marc:datafield tag="245" ind1="1" ind2="3"><marc:subfield code="6">880-02</marc:subfield><marc:subfield code="a">al-Maqāmāt al-adabīyah /</marc:subfield><marc:subfield code="c">taʼlīf al-shaykh al-imām al-ʻālim al-ʻallāmah al-ḥabr al-fahhāmah al-adīb al-arīb al-mustaghnī ʻan al-taʻrīf wa-al-talqīb Abī Muḥammad al-Qāsim ibn ʻAlī ibn Muḥammad ibn ʻUthmān al-Ḥarīrī al-Baṣrī. Wa-yalīhā risālatān min inshāʼihi kataba iḥdāhumā wa-hiya al-Sīnīyah ʻalá lisān al-amīr amīn al-malik Abī al-Ḥasan ibn Quṭayr al-Madāyinī wa-kāna yatawllá Dīwān al-Istīfāʼ bi-al-Baṣrah, wa-al-thānīyah wa-hiya al-Shīnīyah ilá al-shaykh shams al-shuʻarāʼ Ṭalḥah ibn Aḥmad ibn Ṭalḥah al-Nuʻmānī. Wa-yalīhimā risālah lil-imām Abī Muḥammad ʻAbd Allāh ibn Aḥmad al-maʻrūf bi-ibn al-Khashshāb al-Baghdādī fī al-iʻtirāḍ ʻalá al-Ḥarīrī maʻa intiṣār ibn Barrī lil-Ḥarīrī.</marc:subfield></marc:datafield><marc:datafield tag="264" ind1=" " ind2="1"><marc:subfield code="6">880-03</marc:subfield><marc:subfield code="a">Miṣr :</marc:subfield><marc:subfield code="b">ṭubiʻ bi-Maṭbaʻat Muṣṭafá al-Bābī al-Ḥalabī wa-Awlāduh bi-Miṣr,</marc:subfield><marc:subfield code="c">1338 H [1920]</marc:subfield></marc:datafield><marc:datafield tag="300" ind1=" " ind2=" "><marc:subfield code="a">8, 612, 92 pages ;</marc:subfield><marc:subfield code="c">20 cm.</marc:subfield></marc:datafield><marc:datafield tag="336" ind1=" " ind2=" "><marc:subfield code="a">text</marc:subfield><marc:subfield code="b">txt</marc:subfield><marc:subfield code="2">rdacontent.</marc:subfield></marc:datafield><marc:datafield tag="337" ind1=" " ind2=" "><marc:subfield code="a">unmediated</marc:subfield><marc:subfield code="b">n</marc:subfield><marc:subfield code="2">rdamedia.</marc:subfield></marc:datafield><marc:datafield tag="338" ind1=" " ind2=" "><marc:subfield code="a">volume</marc:subfield><marc:subfield code="b">nc</marc:subfield><marc:subfield code="2">rdacarrier.</marc:subfield></marc:datafield><marc:datafield tag="500" ind1=" " ind2=" "><marc:subfield code="6">880-04</marc:subfield><marc:subfield code="a">Iltazama al-Ḥarīrī, raḥimahu Allāh an takūn kull maqāmah sādisah adabīyah wa-kull awwalī ʻashr zahdīyah wa-kull khāmisah wa-ʻāshirah hazlīyah.</marc:subfield></marc:datafield><marc:datafield tag="500" ind1=" " ind2=" "><marc:subfield code="6">880-05</marc:subfield><marc:subfield code="a">Ṭubiʻ bi-Maṭbaʻat Muṣṭafá al-Bābī al-Ḥalabī wa-Awlāduh bi-Miṣr ʻalá nafaqat ḥaḍarāt al-shaykh Fidā Muḥammad al-Kashmīrī al-Kutubī bi-Makkah wa-al-mashāyikh abnāʼ Mawlawī Muḥammad ibn Ghulām rasūl al-Sūrtī tujjār al-kutub fī (Bambiʼ, al-Hind).</marc:subfield></marc:datafield><marc:datafield tag="500" ind1=" " ind2=" "><marc:subfield code="a">Includes index.</marc:subfield></marc:datafield><marc:datafield tag="500" ind1=" " ind2=" "><marc:subfield code="a">Decorated title page.</marc:subfield></marc:datafield><marc:datafield tag="650" ind1=" " ind2="0"><marc:subfield code="a">Maqamah.</marc:subfield></marc:datafield><marc:datafield tag="700" ind1="1" ind2=" "><marc:subfield code="6">880-06</marc:subfield><marc:subfield code="a">Ibn al-Khashshāb, ʻAbd Allāh ibn Aḥmad,</marc:subfield><marc:subfield code="d">1098 or 1099-1171 or 1172.</marc:subfield></marc:datafield><marc:datafield tag="880" ind1="1" ind2="2"><marc:subfield code="6">245-02/(3/r</marc:subfield><marc:subfield code="a">المقامات الأدبية /‪</marc:subfield><marc:subfield code="c">تأليف الشيخ الامام العالم العلامة الحبر الفهامة الأديب الأريب المستغني عن التعريف والتلقيب أبي محمد القاسم بن علي بن محمد بن عثمان الحريري البصري. ويليها رسالتان من انشائه كتب احداهما وهي السينية على لسان الأمير أمين الملك أبي الحسن بن قطير المدايني وكان يتولى ديوان الاستيفاء بالبصرة، والثانية وهي الشينية الى الشيخ شمس الشعراء طلحة بن أحمد بن طلحة النعماني. ويليهما رسالة للامام أبى محمد عبد الله بن أحمد المعروف بابن الخشاب البغدادي في الاعتراض على الحريري مع انتصار بن بري للحريري..</marc:subfield></marc:datafield><marc:datafield tag="880" ind1="1" ind2=" "><marc:subfield code="6">100-01/(3/r</marc:subfield><marc:subfield code="a">حريري،،‪</marc:subfield><marc:subfield code="d">1122-1054.</marc:subfield></marc:datafield><marc:datafield tag="880" ind1=" " ind2="1"><marc:subfield code="6">264-03/(3/r</marc:subfield><marc:subfield code="a">مصر :‪</marc:subfield><marc:subfield code="b">طبع بمطبعة مصطفى البابي الحلبي وأولاده بمصر،‪</marc:subfield><marc:subfield code="c">1338 ه [1920]</marc:subfield></marc:datafield><marc:datafield tag="880" ind1=" " ind2=" "><marc:subfield code="6">500-04/(3/r</marc:subfield><marc:subfield code="a">التزم الحريري، رحمه الله ان تكون كل مقامة سادسة أدبية وكل أولي عشر زهدية وكل خامسة وعاشرة هزلية..</marc:subfield></marc:datafield><marc:datafield tag="880" ind1=" " ind2=" "><marc:subfield code="6">500-05/(3/r</marc:subfield><marc:subfield code="a">طبع بمطبعة مصطفى البابي الحلبي وأولاده بمصر على نفقة حضرات الشيخ فدا محمد الكشميري الكتبي بمكة والمشايخ أبناء مولوي محمد بن غلام رسول السورتي تجار الكتب في (بمبئ، الهند)..</marc:subfield></marc:datafield><marc:datafield tag="880" ind1="1" ind2=" "><marc:subfield code="6">700-06/(3/r</marc:subfield><marc:subfield code="a">ابن الخشاب، عبد الله بن أحمد،‪</marc:subfield><marc:subfield code="d">1098 أو 1099-1171 أو 1172.</marc:subfield></marc:datafield><marc:datafield tag="907" ind1=" " ind2=" "><marc:subfield code="a">.b11534266</marc:subfield><marc:subfield code="b">main </marc:subfield></marc:datafield><marc:datafield tag="902" ind1=" " ind2=" "><marc:subfield code="a">191015</marc:subfield></marc:datafield><marc:datafield tag="998" ind1=" " ind2=" "><marc:subfield code="b">1</marc:subfield><marc:subfield code="c">970101</marc:subfield><marc:subfield code="d">m</marc:subfield><marc:subfield code="e">~</marc:subfield><marc:subfield code="f">-</marc:subfield><marc:subfield code="g">3</marc:subfield><marc:subfield code="k">TA</marc:subfield></marc:datafield><marc:datafield tag="945" ind1=" " ind2=" "><marc:subfield code="l">main </marc:subfield></marc:datafield></marc:record>
</marc:collection>
